@book{selig,
  title={Geometric Fundamentals of Robotics},
  author={Selig, J.M.},
  isbn={9780387208749},
  lccn={2004059103},
  series={Monographs in Computer Science},
  url={https://books.google.pl/books?id=9FljXoISr8AC},
  year={2004},
  publisher={Springer New York}
}




@article{Heged_s_2013,
	doi = {10.1016/j.mechmachtheory.2013.05.010},

	url = {https://doi.org/10.1016%2Fj.mechmachtheory.2013.05.010},

	year = 2013,
	month = {nov},

	publisher = {Elsevier {BV}
},

	volume = {69},

	pages = {142--152},

	author = {G{\'{a}}bor Hegedüs and Josef Schicho and Hans-Peter Schröcker},

	title = {Factorization of rational curves in the study quadric},

	journal = {Mechanism and Machine Theory}
}


@article{Siegele_2021,
	doi = {10.1007/s00006-021-01123-w},

	url = {https://doi.org/10.1007%2Fs00006-021-01123-w},

	year = 2021,
	month = {mar},

	publisher = {Springer Science and Business Media {LLC}
},

	volume = {31},

	number = {2},

	author = {Johannes Siegele and Martin Pfurner and Hans-Peter Schröcker},

	title = {Factorization of Dual Quaternion Polynomials Without Study's Condition},

	journal = {Advances in Applied Clifford Algebras}
}


@article{Li_2015,
	doi = {10.1115/1.4031806},

	url = {https://doi.org/10.1115%2F1.4031806},

	year = 2015,
	month = {nov},

	publisher = {{ASME} International},

	volume = {8},

	number = {2},

	author = {Zijia Li and Josef Schicho and Hans-Peter Schröcker},

	title = {Spatial Straight-Line Linkages by Factorization of Motion Polynomials},

	journal = {Journal of Mechanisms and Robotics}
}

@article{Gallet_2016,
	doi = {10.1090/mcom/3120},

	url = {https://doi.org/10.1090%2Fmcom%2F3120},

	year = 2016,
	month = {apr},

	publisher = {American Mathematical Society ({AMS})},

	volume = {86},

	number = {303},

	pages = {473--506},

	author = {Matteo Gallet and Christoph Koutschan and Zijia Li and Georg Regensburger and Josef Schicho and Nelly Villamizar},

	title = {Planar linkages following a prescribed motion},

	journal = {Mathematics of Computation}
}

@misc{hegedüs2015fundamental,
      title={From the Fundamental Theorem of Algebra to Kempe's Universality Theorem},
      author={Gábor Hegedüs and Zijia Li and Josef Schicho and Hans-Peter Schröcker},
      year={2015},
      eprint={1507.05317},
      archivePrefix={arXiv},
      primaryClass={math.RA}
}


@article{Li_2017,
	doi = {10.1007/s10208-017-9348-x},

	url = {https://doi.org/10.1007%2Fs10208-017-9348-x},

	year = 2017,
	month = {feb},

	publisher = {Springer Science and Business Media {LLC}
},

	volume = {18},

	number = {2},

	pages = {509--536},

	author = {Zijia Li and Josef Schicho and Hans-Peter Schröcker},

	title = {Kempe's Universality Theorem for Rational Space Curves},

	journal = {Foundations of Computational Mathematics}
}


@misc{li2022complete,
      title={A Complete Characterization of Bounded Motion Polynomials Admitting a Factorization with Linear Factors},
      author={Zijia Li and Hans-Peter Schröcker and Daniel F. Scharler},
      year={2022},
      eprint={2209.02306},
      archivePrefix={arXiv},
      primaryClass={math.RA}
}



@misc{lercher2021multiplication,
      title={A Multiplication Technique for the Factorization of Bivariate Quaternionic Polynomials},
      author={Johanna Lercher and Hans-Peter Schröcker},
      year={2021},
      eprint={2105.08500},
      archivePrefix={arXiv},
      primaryClass={math.RA}
}


@article{Lercher_2022,
	doi = {10.1007/s13366-022-00629-z},

	url = {https://doi.org/10.1007%2Fs13366-022-00629-z},

	year = 2022,
	month = {feb},

	publisher = {Springer Science and Business Media {LLC}
},

	volume = {64},

	number = {1},

	pages = {209--232},

	author = {Johanna Lercher and Daniel Scharler and Hans-Peter Schröcker and Johannes Siegele},

	title = {Factorization of quaternionic polynomials of bi-degree (n,1)},

	journal = {Beiträge zur Algebra und Geometrie / Contributions to Algebra and Geometry}
}


@article{Beauregard1993,
    doi = {10.1090/S0002-9939-1993-1132407-8},
    url = {https://doi.org/10.1090/S0002-9939-1993-1132407-8},
    year = {1993},
    volume = {117},
    pages = {67-70},
    author = {Raymond A. Beauregard},
    title = {When is F[x,y] a unique factorization domain?},
    journal = {Proceedings of the American Mathematical Society},
}

@unpublished{vilhenaadorno:hal-01478225,
  TITLE = {{Robot Kinematic Modeling and Control Based on Dual Quaternion Algebra --- Part I: Fundamentals.}},
  AUTHOR = {Vilhena Adorno, Bruno},
  URL = {https://hal.science/hal-01478225},
  NOTE = {working paper or preprint},
  YEAR = {2017},
  MONTH = Feb,
  KEYWORDS = {Dual quaternion ; Kinematics ; Robot modeling ; Mobile manipulator ; Humanoid robot ; Manipulator robot},
  PDF = {https://hal.science/hal-01478225/file/Robot_Kinematic_Modeling_and_Control_Based_on_Dual_Quaternion_Algebra_Part_I_Fundamentals_28Feb2017.pdf},
  HAL_ID = {hal-01478225},
  HAL_VERSION = {v1},
}


